@book{Davi2018,
  author = {Ashley Davis},
  title = {Data Wrangling with JavaScript},
  publisher = {Manning},
  year = {2018},
  isbn = {978-1617294846},
  link = {https://www.manning.com/books/data-wrangling-with-javascript},
  note = {A step-by-step guide to managing data with JavaScript.}
}

@book{Have2018,
  author = {Martijn Haverbeke},
  title = {Eloquent Javascript},
  edition = {3rd},
  publisher = {No Starch Press},
  year = {2018},
  isbn = {978-1593279509},
  link = {https://eloquentjavascript.net/},
  note = {The best all-around guide to JavaScript on the market today.}
}

@book{Meek2017,
  author = {Elijah Meeks},
  title = {D3.js in Action},
  edition = {2nd},
  publisher = {Manning},
  year = {2017},
  isbn = {978-1617294488},
  link = {https://www.manning.com/books/d3js-in-action-second-edition},
  note = {A comprehensive guide to the D3 visualization framework.}
}

@book{Wils2018,
  author = {Greg Wilson},
  title = {Teaching Tech Together},
  publisher = {Lulu.com},
  year = {2018},
  isbn = {978-0988113701},
  link = {http://teachtogether.tech},
  note = {How to create and deliver lessons that work and build a teaching community around them.}
}
